<?xml version='1.0' encoding='utf-8'?>
<record xmlns="http://www.loc.gov/MARC21/slim" xmlns:xsi="http://www.w3.org/2001/XMLSchema-instance">
  <leader>00000njm^a2200289^a^4500</leader>
  <controlfield tag="001">003591552</controlfield>
  <controlfield tag="005">20060116134249.0</controlfield>
  <controlfield tag="007">sd^fungnn^^^^d</controlfield>
  <controlfield tag="008">020311s2002^^^^miufmn^^^^^^^^^^^^^^eng^d</controlfield>
  <datafield tag="035" ind1=" " ind2=" ">
    <subfield code="a">(OCoLC)ocm49262011</subfield>
  </datafield>
  <datafield tag="040" ind1=" " ind2=" ">
    <subfield code="a">BEU</subfield>
    <subfield code="c">BEU</subfield>
  </datafield>
  <datafield tag="245" ind1="0" ind2="0">
    <subfield code="a">Windjammers</subfield>
    <subfield code="h">[sound recording] :</subfield>
    <subfield code="b">songs of the Great Lakes sailors.</subfield>
  </datafield>
  <datafield tag="260" ind1=" " ind2=" ">
    <subfield code="a">[Detroit, Mich.] :</subfield>
    <subfield code="b">Wayne State University Press,</subfield>
    <subfield code="c">p2002.</subfield>
  </datafield>
  <datafield tag="300" ind1=" " ind2=" ">
    <subfield code="a">1 sound disc :</subfield>
    <subfield code="b">digital ;</subfield>
    <subfield code="c">4 3/4 in.</subfield>
  </datafield>
  <datafield tag="500" ind1=" " ind2=" ">
    <subfield code="a">Recorded in 1938 (tracks 2-12) by Ivan Walton and Alan Lomax, 1955 (tracks 1, 14-15) by Ivan Walton, 1959 (track 13) by Ivan Walton.</subfield>
  </datafield>
  <datafield tag="500" ind1=" " ind2=" ">
    <subfield code="a">Compact disc.</subfield>
  </datafield>
  <datafield tag="500" ind1=" " ind2=" ">
    <subfield code="a">Accompanies: Walton, Ivan. Windjammers. Detroit, Mich. : Wayne State University Press, 2002. 262 p. : ill. ; 26 cm.</subfield>
  </datafield>
  <datafield tag="505" ind1="0" ind2=" ">
    <subfield code="a">Opening remarks (Ivan Walton) (1:24) -- The Gallagher boys (John W. Green and Dominick Gallagher) (7:07) -- The Clifton's crew (Patrick Bonner) (5:21) -- The fisherman Yankee Brown (Dan Bonner) (3:18) -- The gallant Tommy Boyle (Pat McDonough) (3:31) -- The smugglers of Buffalo (John W. Green) (1:51) -- James Bird (John W. Green) (3:12) -- The timber drogher Bigler (Asa M. Trueblood) (3:19) -- The old barge Oliver Cromwell (John Gallino) (5:12) -- Scrubber Murphy, The crack schooner Moonlight, The old Mont line (Walton) (1:19) -- The E.C. Roberts (James Putnam) (3:59) --The red iron ore, The timber drogher Bigler, The wood scow Julie Plante (Harry Barney) (6:03) -- The ill-fated Persian (John W. Green) (4:14) -- Bound away on the Twilight (Ed Vandenberg) (5:34) -- The schooner Thomas Hume (Ed Vandenberg) (3:20).</subfield>
  </datafield>
  <datafield tag="650" ind1=" " ind2="0">
    <subfield code="a">Sea songs</subfield>
    <subfield code="z">Great Lakes (North America)</subfield>
  </datafield>
  <datafield tag="651" ind1=" " ind2="0">
    <subfield code="a">Great Lakes (North America)</subfield>
    <subfield code="v">Songs and music.</subfield>
  </datafield>
  <datafield tag="655" ind1=" " ind2="7">
    <subfield code="a">Sound recordings.</subfield>
    <subfield code="2">aat</subfield>
  </datafield>
  <datafield tag="700" ind1="1" ind2=" ">
    <subfield code="a">Walton, Ivan.</subfield>
  </datafield>
  <datafield tag="700" ind1="1" ind2=" ">
    <subfield code="a">Lomax, Alan,</subfield>
    <subfield code="d">1915-2002.</subfield>
  </datafield>
  <datafield tag="852" ind1="8" ind2=" ">
    <subfield code="a">MiU-H</subfield>
    <subfield code="b">BENT</subfield>
    <subfield code="h">0232 Aa 2</subfield>
  </datafield>
  <datafield tag="998" ind1=" " ind2=" ">
    <subfield code="c">LAC</subfield>
  </datafield>
  <datafield tag="955" ind1=" " ind2=" ">
    <subfield code="b">BENT</subfield>
    <subfield code="p">B1446251</subfield>
  </datafield>
</record>
